<record><leader>00000cas a22000007a 4500</leader><controlfield tag="001">14879991</controlfield><controlfield tag="008">861126d18911998inuwr ne      0    0eng d</controlfield><datafield ind1=" " ind2=" " tag="010"><subfield code="a">sn 86059193 </subfield></datafield><datafield ind1=" " ind2=" " tag="040"><subfield code="a">NPI</subfield><subfield code="b">eng</subfield><subfield code="c">NPI</subfield><subfield code="d">OCLCQ</subfield><subfield code="d">OCLCF</subfield><subfield code="d">OCLCO</subfield></datafield><datafield ind1=" " ind2=" " tag="042"><subfield code="a">msc</subfield></datafield><datafield ind1=" " ind2=" " tag="043"><subfield code="a">n-us-in</subfield></datafield><datafield ind1="0" ind2="0" tag="245"><subfield code="a">Newton County enterprise.</subfield></datafield><datafield ind1=" " ind2=" " tag="260"><subfield code="a">Kentland, Ind. :</subfield><subfield code="b">Davis &amp; Randall,</subfield><subfield code="c">1891-1998.</subfield></datafield><datafield ind1=" " ind2=" " tag="300"><subfield code="a">107 v. :</subfield><subfield code="b">ill. ;</subfield><subfield code="c">38 cm.</subfield></datafield><datafield ind1=" " ind2=" " tag="310"><subfield code="a">Weekly</subfield></datafield><datafield ind1="0" ind2=" " tag="362"><subfield code="a">Vol. 1, no. 1 (Apr. 30, 1891)-year 133, no. 31 (Aug. 12, 1998).</subfield></datafield><datafield ind1=" " ind2="0" tag="651"><subfield code="a">Kentland (Ind.)</subfield><subfield code="v">Newspapers.</subfield></datafield><datafield ind1=" " ind2="7" tag="655"><subfield code="a">Newspapers.</subfield><subfield code="2">fast</subfield><subfield code="0">(OCoLC)fst01423814</subfield></datafield><datafield ind1=" " ind2="7" tag="651"><subfield code="a">Indiana</subfield><subfield code="z">Kentland.</subfield><subfield code="2">fast</subfield><subfield code="0">(OCoLC)fst01258252</subfield></datafield><datafield ind1=" " ind2=" " tag="752"><subfield code="a">United States</subfield><subfield code="b">Indiana</subfield><subfield code="c">Newton</subfield><subfield code="d">Kentland.</subfield></datafield><datafield ind1="0" ind2="0" tag="780"><subfield code="t">Kentland gazette</subfield><subfield code="w">(DLC)sn 84023971</subfield><subfield code="w">(OCoLC)11104873</subfield></datafield><datafield ind1="0" ind2="5" tag="780"><subfield code="t">Newton gazette (Kentland, Ind.)</subfield><subfield code="w">(DLC)sn 86059195</subfield></datafield><datafield ind1="0" ind2="0" tag="785"><subfield code="t">Enterprise (Kentland, Ind.)</subfield><subfield code="w">(DLC)sn 98063102</subfield></datafield></record>